@MANUAL{Stuart2007-cc,
  title        = "Guidelines for performing Systematic Literature Reviews in
                  Software Engineering",
  author       = "Stuart, Kitchenham, Barbara And",
  year         =  2007,
  keywords     = "Example SLR;SLR",
  organization = "School of Computer Science and Mathematics, Keele University"
}
